<?xml version="1.0" encoding="UTF-8"?><collection xmlns="http://www.loc.gov/MARC21/slim"><record><leader>00431nam--2200121-i-4500</leader><controlfield tag="001">000047790</controlfield><controlfield tag="002">20161230</controlfield><controlfield tag="005">20161230201046</controlfield><controlfield tag="008">060222s1000------------r-----000-0-eng-d</controlfield><datafield ind1=" " ind2=" " tag="100"><subfield code="a">Woytacek, Carl</subfield></datafield><datafield ind1=" " ind2=" " tag="245"><subfield code="a">Lehrbuch der glasblaserei, einsschlisslich der anfertigung der araometer, bartameter, thermometer, massanalytischen gerate, vakuum pumpen... zweite auflage..</subfield></datafield><datafield ind1=" " ind2=" " tag="260"><subfield code="a">Wien, Iulius Springer, 1932, Vii + 319p</subfield></datafield><datafield ind1=" " ind2=" " tag="852"><subfield code="a">1108</subfield></datafield></record></collection>